@article{baron1988a,
  author = {Baron, J. and Hershey, J.C.},
  date = {1988},
  title = {Outcome bias in decision evaluation},
  volume = {54},
  pages = {569–579},
  doi = {10.1037/0022-3514.54.4.569},
  language = {en},
  journal = {Journal of Personality and Social Psychology},
  number = {4}
}
@article{birch2007a,
  author = {Birch, S.A. and Bloom, P.},
  date = {2007},
  title = {The curse of knowledge in reasoning about false beliefs},
  volume = {18},
  pages = {382–386},
  url = {https://doi.org/10.1111/j.1467-9280.2007.01909.x},
  doi = {10.1111/j.1467-9280.2007.01909.x},
  language = {en},
  journal = {Psychological Science},
  number = {5}
}
@article{birch2017a,
  author = {Birch, S.A. and Brosseau-Liard, P.E. and Haddock, T. and Ghrear, S.E.},
  date = {2017},
  title = {A ‘curse of knowledge’ in the absence of knowledge? People misattribute fluency when judging how common knowledge is among their peers},
  volume = {166},
  pages = {447–458},
  doi = {10.1016/j.cognition.2017.04.015},
  language = {en},
  journal = {Cognition}
}
@misc{disease2021a,
  author = {Disease Control, Center and Prevention},
  date = {2021},
  title = {Previous U.S. COVID-19 case data},
  note = {Retrieved June 25, 2021, from},
  url = {https://covid.cdc.gov/covid-data-tracker/#datatracker-home.},
  language = {en}
}
@article{cusimano2020a,
  author = {Cusimano, C. and Goodwin, G.P.},
  date = {2020},
  title = {People judge others to have more voluntary control over beliefs than they themselves do},
  volume = {119},
  pages = {999–1029},
  doi = {10.1037/pspa0000198},
  language = {en},
  journal = {Journal of Personality and Social Psychology},
  number = {5}
}
@article{freitas2018a,
  author = {Freitas, J. and Johnson, S.G.},
  date = {2018},
  title = {Optimality bias in moral judgment},
  volume = {79},
  pages = {149–163},
  doi = {10.1016/j.jesp.2018.07.011},
  language = {cs},
  journal = {Journal of Experimental Social Psychology}
}
@book{dennett1987a,
  author = {Dennett, D.C.},
  date = {1987},
  title = {The Intentional Stance},
  publisher = {MIT Press},
  language = {en},
  address = {Cambridge, Massachusetts}
}
@misc{edwards2009a,
  author = {Edwards, J.R.},
  date = {2009},
  title = {Seven deadly myths of testing moderation in organizational},
  language = {en}
}
@incollection{lance-a,
  title = {research},
  editor = {Lance, C.E. and Vanderberg, R.J.},
  language = {en},
  booktitle = {Statistical and methodological}
}
@article{gergely2013natural,
  title={Natural pedagogy},
  author={Gergely, Gy{\"o}rgy and Csibra, Gergely},
  journal={Navigating the social world: What infants, children, and other species can teach us},
  pages={127--132},
  year={2013},
  publisher={Oxford University Press Oxford}
}
@article{fischhoff2007a,
  author = {Fischhoff, B.},
  date = {2007},
  title = {An early history of hindsight research},
  volume = {25},
  pages = {10–13},
  doi = {10.1521/soco.2007.25.1.10},
  language = {en},
  journal = {Social Cognition},
  number = {1}
}
@article{fumento2020a,
  author = {Fumento, M.},
  date = {2020-07},
  title = {Erosion of trust: 10 things public health establishment got wrong about coronavirus},
  url = {https://justthenews.com/politics-policy/coronavirus/erosion-trust-10-things-public-health-establishment-got-wrong-about},
  language = {en},
  journal = {Just the News}
}
@article{gerace2015a,
  author = {Gerace, A. and Day, A. and Casey, S. and Mohr, P.},
  date = {2015},
  title = {Perspective taking and empathy: Does having similar past experience to another person make it easier to take their perspective?},
  volume = {6},
  pages = {1–14},
  doi = {10.1017/jrr.2015.6},
  language = {en},
  journal = {Journal of Relationships Research},
  number = {10}
}
@misc{greenhut2020a,
  author = {Greenhut, S.},
  date = {2020-06},
  title = {Shocker! The experts were wrong. R Street},
  url = {https://www.rstreet.org/2020/06/04/shocker-the-experts-were-wrong/},
  language = {en}
}
@book{hayes2021a,
  author = {Hayes, A.F.},
  date = {2021},
  title = {Introduction to mediation, moderation, and conditional process analysis},
  publisher = {Guilford Press},
  language = {en}
}
@article{isler2020a,
  author = {Isler, O. and Yilmaz, O. and Dogruyol, B.},
  date = {2020},
  title = {Activating reflective thinking with decision justification and debiasing training},
  volume = {15},
  pages = {926–938},
  url = {http://journal.sjdm.org/20/201008/jdm201008.html},
  language = {en},
  journal = {Judgment and Decision Making},
  number = {6}
}
@article{johnson2015a,
  author = {Johnson, S.G. and Rips, L.J.},
  date = {2015},
  title = {Do the right thing: The assumption of optimality in lay decision theory and causal judgment},
  volume = {77},
  pages = {42–76},
  doi = {10.1016/j.cogpsych.2015.01.003},
  language = {en},
  journal = {Cognitive Psychology}
}
@misc{kulldorff2021a,
  author = {Kulldorff, M. and Bhattacharya, J.},
  date = {2021-11},
  title = {How Fauci fooled America},
  url = {https://www.rstreet.org/2020/06/04/shocker-the-experts-were-wrong/},
  language = {nl},
  address = {Newsweek}
}
@article{leape2000a,
  author = {Leape, L.L. and Berwick, D.M.},
  date = {2000},
  title = {Medical error: the second victim},
  volume = {320},
  pages = {785–8},
  language = {it},
  journal = {BMJ}
}
@incollection{martin2016a,
  author = {Martin, J.W. and Cushman, F.},
  date = {2016},
  title = {The adaptive logic of moral luck},
  editor = {Sytsma, J. and Buckwalter, W.},
  pages = {190–202},
  publisher = {John Wiley & Sons, Ltd},
  language = {cs},
  booktitle = {A Companion to Experimental Philosophy}
}
@article{malle2021moral,
  title={Moral judgments},
  author={Malle, Bertram F},
  journal={Annual Review of Psychology},
  volume={72},
  pages={293--318},
  year={2021},
  publisher={Annual Reviews}
}
@article{malle2014theory,
  title={A theory of blame},
  author={Malle, Bertram F and Guglielmo, Steve and Monroe, Andrew E},
  journal={Psychological Inquiry},
  volume={25},
  number={2},
  pages={147--186},
  year={2014},
  publisher={Taylor \& Francis}
}
@article{newman2018a,
  author = {Newman, L.S. and Tan, M. and Caldwell, T.L. and Duff, K.J. and Winer, E.S.},
  date = {2018},
  title = {Name norms: A guide to casting your next experiment},
  volume = {44},
  pages = {1435–1448},
  doi = {10.1177/0146167218769858},
  language = {pt},
  journal = {Personality and Social Psychology Bulletin},
  number = {10}
}
@book{pappas2012a,
  author = {Pappas, S.},
  date = {2012-10},
  title = {Italian scientists sentenced to 6 years for earthquake statements},
  publisher = {Scientific American},
  url = {https://www.scientificamerican.com/article/italian-scientists-get/},
  language = {en}
}
@incollection{ross1977a,
  author = {Ross, L.},
  date = {1977},
  title = {The intuitive psychologist and his shortcomings: Distortions in the attribution process},
  volume = {10},
  pages = {173–220},
  publisher = {Academic Press},
  url = {https://doi.org/10.1016/S0065-2601(08)60357-3},
  doi = {10.1016/S0065-2601(08)60357-3},
  language = {en},
  booktitle = {Advances in experimental social psychology}
}
@article{royzman2015a,
  author = {Royzman, E.B. and Kim, K. and Leeman, R.F.},
  date = {2015},
  title = {The curious tale of Julie and Mark: Unraveling the moral dumbfounding effect},
  volume = {10},
  language = {en},
  journal = {Judgment and Decision Making},
  number = {4}
}
@article{spellman2014a,
  author = {Spellman, B.A. and Gilbert, E.A.},
  date = {2014},
  title = {Blame, cause, and counterfactuals: The inextricable link},
  volume = {25},
  pages = {245–250},
  doi = {10.1080/1047840X.2014.901708},
  language = {en},
  journal = {Psychological Inquiry},
  number = {2}
}
@article{spellman2001a,
  author = {Spellman, B.A. and Kincannon, A.},
  date = {2001},
  title = {The relation between counterfactual (“but for”) and causal reasoning: Experimental findings and implications for jurors’ decisions},
  volume = {64},
  pages = {241–264},
  doi = {10.2307/1192297},
  language = {en},
  journal = {Law and Contemporary Problems},
  number = {4}
}
@Manual{R-base,
  title = {R: A Language and Environment for Statistical Computing},
  author = {{R Core Team}},
  organization = {R Foundation for Statistical Computing},
  address = {Vienna, Austria},
  year = {2021},
  url = {https://www.R-project.org/},
}
@Manual{R-papaja,
  title = {{papaja}: {Prepare} reproducible {APA} journal articles with {R Markdown}},
  author = {Frederik Aust and Marius Barth},
  year = {2022},
  note = {R package version 0.1.1},
  url = {https://github.com/crsh/papaja},
}
@Manual{R-Require,
  title = {Require: Installing and Loading R Packages for Reproducible Workflows},
  author = {Eliot J B McIntire},
  year = {2023},
  note = {R package version 0.2.6},
  url = {https://CRAN.R-project.org/package=Require},
}
@Manual{R-tinylabels,
  title = {{tinylabels}: Lightweight Variable Labels},
  author = {Marius Barth},
  year = {2022},
  note = {R package version 0.2.3},
  url = {https://cran.r-project.org/package=tinylabels},
}
